<?xml version="1.0" encoding="utf-8"?>
<record xmlns="http://www.loc.gov/MARC21/slim" xmlns:xsi="http://www.w3.org/2001/XMLSchema-instance" xsi:schemaLocation="http://www.loc.gov/MARC21/slim http://www.loc.gov/standards/marcxml/schema/MARC21slim.xsd">
	<leader>
		03371nam a2200481   4500
	</leader>
	<controlfield tag="001">
		2757097
	</controlfield>
	<controlfield tag="003">
		NNC
	</controlfield>
	<controlfield tag="006">
		m        d        
	</controlfield>
	<controlfield tag="007">
		cr cn |||m|||a
	</controlfield>
	<controlfield tag="008">
		150923m19489999iq bcfh ob    001 0 arar 
	</controlfield>
	<datafield ind1=" " ind2=" " tag="040">
		<subfield code="a">
			NNU
		</subfield>
		<subfield code="b">
			eng
		</subfield>
		<subfield code="e">
			rda
		</subfield>
		<subfield code="c">
			NNU
		</subfield>
	</datafield>
	<datafield ind1=" " ind2=" " tag="043">
		<subfield code="a">
			a-iq---
		</subfield>
	</datafield>
	<datafield ind1="0" ind2="0" tag="050">
		<subfield code="a">
			DS67.4
		</subfield>
		<subfield code="b">
			.S27 1948
		</subfield>
	</datafield>
	<datafield ind1="1" ind2=" " tag="100">
		<subfield code="6">
			880-01
		</subfield>
		<subfield code="a">
			Sarkis, Yaʻqūb,
		</subfield>
		<subfield code="d">
			1876-1959.
		</subfield>
	</datafield>
	<datafield ind1="1" ind2="0" tag="245">
		<subfield code="6">
			880-02
		</subfield>
		<subfield code="a">
			Mabāḥith ʻIrāqīyah fī al-jughrāfīyah wa-al-tārīkh wa-al-athār wa-khiṭaṭ Baghdād /
		</subfield>
		<subfield code="c">
			 [Taʼlīf] Yaʻqūb Sarkīs. Bi-taqdīm Muḥammad Riḍā al-Shabībī.
		</subfield>
	</datafield>
	<datafield ind1=" " ind2=" " tag="260">
		<subfield code="6">
			880-03
		</subfield>
		<subfield code="a">
			Baghdād :
		</subfield>
		<subfield code="b">
			Sharikat al-Tijārah wa-al-Ṭibāʻah,
		</subfield>
		<subfield code="c">
			1948-&lt;1981&gt;
		</subfield>
	</datafield>
	<datafield ind1=" " ind2=" " tag="300">
		<subfield code="a">
			online resource (volumes &lt;1-3&gt;) :
		</subfield>
		<subfield code="b">
			plates, portraits, map, facsimiles
		</subfield>
	</datafield>
	<datafield ind1=" " ind2=" " tag="336">
		<subfield code="a">
			text
		</subfield>
		<subfield code="2">
			rdacontent
		</subfield>
	</datafield>
	<datafield ind1=" " ind2=" " tag="337">
		<subfield code="a">
			computer
		</subfield>
		<subfield code="2">
			rdamedia
		</subfield>
	</datafield>
	<datafield ind1=" " ind2=" " tag="338">
		<subfield code="a">
			online resource
		</subfield>
		<subfield code="2">
			rdacarrier
		</subfield>
	</datafield>
	<datafield ind1=" " ind2=" " tag="500">
		<subfield code="a">
			Cover title: Recueil d'articles sur la géographie, l'histoire, les monuments anciens de l'Iraq, la topographie de Bagdad, etc., Yʼacoub N. Serkis.
		</subfield>
	</datafield>
	<datafield ind1=" " ind2=" " tag="500">
		<subfield code="a">
			Vol. 3 edited by Maʻan Ḥamdān ʻAlī.
		</subfield>
	</datafield>
	<datafield ind1=" " ind2=" " tag="500">
		<subfield code="a">
			Part of the Arabic Collections Online (ACO) project, contributed by Columbia University Libraries.
		</subfield>
	</datafield>
	<datafield ind1=" " ind2=" " tag="504">
		<subfield code="a">
			Includes bibliographical references (v. 3, pages 335-342).
		</subfield>
	</datafield>
	<datafield ind1=" " ind2=" " tag="500">
		<subfield code="a">
			Includes indexes.
		</subfield>
	</datafield>
	<datafield ind1="1" ind2=" " tag="505">
		<subfield code="6">
			880-04
		</subfield>
		<subfield code="a">
			al-qism 1. al-Mabāḥith al-manshūrah fī majallat Lughat al-ʻArab min sanat 1912/14 wa-sanat 1927/31. -- al-qism 2. al-Mabāḥith al-manshūrah fī al-majallāt wa-al-jarāʼid al-ʻIrāqīyah 1935-1948.--al-qism 4. [without special title].
		</subfield>
	</datafield>
	<datafield ind1=" " ind2=" " tag="533">
		<subfield code="a">
			Electronic reproduction.
		</subfield>
		<subfield code="b">
			New York, N.Y. :
		</subfield>
		<subfield code="c">
			New York University,
		</subfield>
		<subfield code="d">
			2015.
		</subfield>
		<subfield code="5">
			NNU
		</subfield>
	</datafield>
	<datafield ind1=" " ind2="0" tag="651">
		<subfield code="a">
			Iraq.
		</subfield>
	</datafield>
	<datafield ind1=" " ind2="7" tag="651">
		<subfield code="a">
			Iraq.
		</subfield>
		<subfield code="2">
			fast
		</subfield>
		<subfield code="0">
			(OCoLC)fst01205757
		</subfield>
	</datafield>
	<datafield ind1="1" ind2=" " tag="700">
		<subfield code="6">
			880-05
		</subfield>
		<subfield code="a">
			ʻAlī, Maʻan Ḥamdān.
		</subfield>
	</datafield>
	<datafield ind1="2" ind2=" " tag="710">
		<subfield code="a">
			Columbia University.
		</subfield>
		<subfield code="b">
			Libraries.
		</subfield>
	</datafield>
	<datafield ind1="0" ind2=" " tag="730">
		<subfield code="a">
			Arabic Collections Online.
		</subfield>
	</datafield>
	<datafield ind1="0" ind2=" " tag="740">
		<subfield code="a">
			Recueil d'articles sur la géographie, l'histoire, les monuments anciens de l'Iraq, la topographie de Bagdad.
		</subfield>
	</datafield>
	<datafield ind1="0" ind2="8" tag="776">
		<subfield code="i">
			Online version:
		</subfield>
		<subfield code="a">
			Sarkīs, Yaʻqūb, 1876-1959.
		</subfield>
		<subfield code="t">
			Mabāḥith ʻIrāqīyah fī al-jughrāfīyah wa-al-tārīkh wa-al-athār wa-khiṭaṭ Baghdād.
		</subfield>
		<subfield code="d">
			Baghdād, Sharikat al-Tijārah wa-al-Ṭibāʻah, 1948-&lt;1981&gt;
		</subfield>
		<subfield code="w">
			(OCoLC)654579989
		</subfield>
	</datafield>
	<datafield ind1="0" ind2="8" tag="776">
		<subfield code="i">
			Print version:
		</subfield>
		<subfield code="a">
			Sarkis, Yaʻqūb, 1876-1959.
		</subfield>
		<subfield code="t">
			Mabāḥith ʻIrāqīyah fī al-jughrāfīyah wa-al-tārīkh wa-al-athār wa-khiṭaṭ Baghdād
		</subfield>
		<subfield code="w">
			(NNC)2757097
		</subfield>
		<subfield code="w">
			(DLC)   60025493 
		</subfield>
		<subfield code="w">
			(OCoLC)13095072
		</subfield>
	</datafield>
	<datafield ind1="4" ind2="0" tag="856">
		<subfield code="u">
			http://hdl.handle.net/2333.1/z34tms66
		</subfield>
	</datafield>
	<datafield ind1="1" ind2=" " tag="880">
		<subfield code="6">
			100-01/r
		</subfield>
		<subfield code="a">
			سركس، يعقوب،,
		</subfield>
		<subfield code="d">
			1876-1959.
		</subfield>
	</datafield>
	<datafield ind1="1" ind2="0" tag="880">
		<subfield code="6">
			245-02/r
		</subfield>
		<subfield code="a">
			مباحث عراقية في الجغرافية والتاريخ والاثار وخطط بغداد /
		</subfield>
		<subfield code="c">
			[تأليف] يعقوب سركيس ؛ بتقديم محمد رضا الشبيبي.
		</subfield>
	</datafield>
	<datafield ind1=" " ind2=" " tag="880">
		<subfield code="6">
			260-03/r
		</subfield>
		<subfield code="a">
			بغداد :
		</subfield>
		<subfield code="b">
			شركة التجارة والطباعة،
		</subfield>
		<subfield code="c">
			1948&lt;1981&gt;
		</subfield>
	</datafield>
	<datafield ind1="1" ind2="0" tag="880">
		<subfield code="6">
			505-04/r
		</subfield>
		<subfield code="g">
			القسم 1.
		</subfield>
		<subfield code="t">
			المباحث المنشورة في مجلة لغة العرب من سنة 1912/14 وسنة 1927/31 --
		</subfield>
		<subfield code="g">
			القسم 2.
		</subfield>
		<subfield code="t">
			المباحث المنشورة في المجلات والجرائد العراقية 1935-1948.
		</subfield>
	</datafield>
	<datafield ind1="1" ind2=" " tag="880">
		<subfield code="6">
			700-05/r
		</subfield>
		<subfield code="a">
			علي، معن حمدان.
		</subfield>
	</datafield>
	<datafield ind1=" " ind2=" " tag="959">
		<subfield code="a">
			NNU
		</subfield>
		<subfield code="b">
			WEB
		</subfield>
		<subfield code="c">
			GENI
		</subfield>
		<subfield code="t">
			0
		</subfield>
		<subfield code="m">
			Electronic access
		</subfield>
		<subfield code="s">
			01
		</subfield>
	</datafield>
	<datafield ind1=" " ind2=" " tag="999">
		<subfield code="i">
			NNC_2757097
		</subfield>
		<subfield code="o">
			(OCoLC)ocm13095072
		</subfield>
		<subfield code="s">
			columbia_aco001076:v.1
		</subfield>
		<subfield code="e">
			(ERROR-880)
		</subfield>
		<subfield code="s">
			columbia_aco001076:v.1
		</subfield>
	</datafield>
</record>
